@ARTICLE{IoTSmartOntology,
  author={Gyrard, Amelie and Zimmermann, Antoine and Sheth, Amit},
  journal={IEEE Internet of Things Journal}, 
  title={Building IoT-Based Applications for Smart Cities: How Can Ontology Catalogs Help?}, 
  year={2018},
  volume={5},
  number={5},
  pages={3978-3990},
  doi={10.1109/JIOT.2018.2854278}
}

@INPROCEEDINGS{RDFIoT,
  author={Hasemann, Henning and Kr√∂ller, Alexander and Pagel, Max},
  booktitle={2012 3rd IEEE International Conference on the Internet of Things}, 
  title={RDF provisioning for the Internet of Things}, 
  year={2012},
  volume={},
  number={},
  pages={143-150},
  doi={10.1109/IOT.2012.6402316}
}

@article{IoTFingerprinting,
    title = {Towards automatic fingerprinting of IoT devices in the cyberspace},
    journal = {Computer Networks},
    volume = {148},
    pages = {318-327},
    year = {2019},
    issn = {1389-1286},
    doi = {https://doi.org/10.1016/j.comnet.2018.11.013},
    url = {https://www.sciencedirect.com/science/article/pii/S1389128618306856},
    author = {Kai Yang and Qiang Li and Limin Sun}
}